<marc:collection xmlns:marc="http://www.loc.gov/MARC21/slim" xmlns:xsi="http://www.w3.org/2001/XMLSchema-instance" xsi:schemaLocation="http://www.loc.gov/MARC21/slim http://www.loc.gov/standards/marcxml/schema/MARC21slim.xsd">
    <marc:record type="Bibliographic">
        <marc:leader>01369cem a2200325 a 4500</marc:leader>
        <marc:controlfield tag="001">6964061</marc:controlfield>
        <marc:controlfield tag="005">20120222112318.0</marc:controlfield>
        <marc:controlfield tag="007">aj canzn</marc:controlfield>
        <marc:controlfield tag="008">981202s1640    ne i      a     0   lat d</marc:controlfield>
        <marc:datafield tag="040" ind1=" " ind2=" ">
            <marc:subfield code="a">NjP</marc:subfield>
            <marc:subfield code="c">NjP</marc:subfield>
        </marc:datafield>
        <marc:datafield tag="034" ind1="1" ind2=" ">
            <marc:subfield code="a">a</marc:subfield>
            <marc:subfield code="b">1700000</marc:subfield>
        </marc:datafield>
        <marc:datafield tag="043" ind1=" " ind2=" ">
            <marc:subfield code="a">e-sp---</marc:subfield>
        </marc:datafield>
        <marc:datafield tag="100" ind1="1" ind2=" ">
            <marc:subfield code="a">Blaeu, Willem Janszoon,</marc:subfield>
            <marc:subfield code="d">1571-1638.</marc:subfield>
        </marc:datafield>
        <marc:datafield tag="245" ind1="1" ind2="0">
            <marc:subfield code="a">Vtriusque Castiliæ nova descriptio</marc:subfield>
            <marc:subfield code="h">[map].</marc:subfield>
        </marc:datafield>
        <marc:datafield tag="246" ind1="3" ind2="0">
            <marc:subfield code="a">Utruisque Castiliae nova descriptio</marc:subfield>
        </marc:datafield>
        <marc:datafield tag="255" ind1=" " ind2=" ">
            <marc:subfield code="a">Scale [ca. 1:1,700,000].</marc:subfield>
        </marc:datafield>
        <marc:datafield tag="260" ind1=" " ind2=" ">
            <marc:subfield code="a">[Amsterdam :</marc:subfield>
            <marc:subfield code="b">Ioh. &amp; Cornelius Blaeu</marc:subfield>
            <marc:subfield code="c">1640]</marc:subfield>
        </marc:datafield>
        <marc:datafield tag="300" ind1=" " ind2=" ">
            <marc:subfield code="a">1 map :</marc:subfield>
            <marc:subfield code="b">hand col. ;</marc:subfield>
            <marc:subfield code="c">40 x 48 cm.</marc:subfield>
        </marc:datafield>
        <marc:datafield tag="500" ind1=" " ind2=" ">
            <marc:subfield code="a">Relief shown pictorially.</marc:subfield>
        </marc:datafield>
        <marc:datafield tag="500" ind1=" " ind2=" ">
            <marc:subfield code="a">Latin text on verso with running title: Castella vetus et nova; p. 16; signature O.</marc:subfield>
        </marc:datafield>
        <marc:datafield tag="500" ind1=" " ind2=" ">
            <marc:subfield code="a">From: Theatrum orbis terrarum, sive, Atlas novus ... / editae a Guiljel. et Ioanne Blaeu. Amsterdami : Apud Iohannem et Cornelium Blaeu, 1640.</marc:subfield>
        </marc:datafield>
        <marc:datafield tag="510" ind1="4" ind2=" ">
            <marc:subfield code="a">Koeman, C.  Atlantes neerlandici (New ed.)</marc:subfield>
            <marc:subfield code="c">6055:2:201</marc:subfield>
        </marc:datafield>
        <marc:datafield tag="541" ind1=" " ind2=" ">
            <marc:subfield code="a">Historic Maps copy is gift of Rev. William S. Chalmers, Princeton class of 1929.</marc:subfield>
            <marc:subfield code="5">NjP</marc:subfield>
        </marc:datafield>
        <marc:datafield tag="651" ind1=" " ind2="0">
            <marc:subfield code="a">Castile (Spain)</marc:subfield>
            <marc:subfield code="v">Maps</marc:subfield>
            <marc:subfield code="v">Early works to 1800.</marc:subfield>
        </marc:datafield>
        <marc:datafield tag="655" ind1=" " ind2="7">
            <marc:subfield code="a">Maps</marc:subfield>
            <marc:subfield code="z">Spain</marc:subfield>
            <marc:subfield code="z">Castile</marc:subfield>
            <marc:subfield code="y">1640.</marc:subfield>
            <marc:subfield code="2">aat</marc:subfield>
        </marc:datafield>
        <marc:datafield tag="700" ind1="1" ind2=" ">
            <marc:subfield code="a">Blaeu, Joan,</marc:subfield>
            <marc:subfield code="d">1596-1673.</marc:subfield>
        </marc:datafield>
        <marc:datafield tag="700" ind1="1" ind2=" ">
            <marc:subfield code="a">Chalmers, William S.,</marc:subfield>
            <marc:subfield code="e">donor.</marc:subfield>
            <marc:subfield code="5">NjP</marc:subfield>
        </marc:datafield>
        <marc:datafield tag="856" ind1="4" ind2="1">
            <marc:subfield code="z">See the map</marc:subfield>
            <marc:subfield code="u">http://gisserver.princeton.edu/map/26625</marc:subfield>
        </marc:datafield>
        <marc:datafield tag="904" ind1=" " ind2=" ">
            <marc:subfield code="a">gls</marc:subfield>
            <marc:subfield code="b">g</marc:subfield>
            <marc:subfield code="h">n</marc:subfield>
            <marc:subfield code="c">p</marc:subfield>
            <marc:subfield code="e">20120201</marc:subfield>
        </marc:datafield>
        <marc:datafield tag="902" ind1=" " ind2=" ">
            <marc:subfield code="a">gls</marc:subfield>
            <marc:subfield code="b">o</marc:subfield>
            <marc:subfield code="6">e</marc:subfield>
            <marc:subfield code="7">m</marc:subfield>
            <marc:subfield code="d">v</marc:subfield>
            <marc:subfield code="f">1</marc:subfield>
            <marc:subfield code="e">20120201</marc:subfield>
        </marc:datafield>
    </marc:record>
    <marc:record type="Holdings">
        <marc:leader>00172nx  a22000851  4500</marc:leader>
        <marc:controlfield tag="001">6857363</marc:controlfield>
        <marc:controlfield tag="004">6964061</marc:controlfield>
        <marc:controlfield tag="005">20120201120404.0</marc:controlfield>
        <marc:controlfield tag="008">1202014u    8   1001uu   0901128</marc:controlfield>
        <marc:datafield tag="852" ind1="0" ind2=" ">
            <marc:subfield code="b">map</marc:subfield>
            <marc:subfield code="h">HMC01.5148</marc:subfield>
        </marc:datafield>
    </marc:record>
</marc:collection>
